% bench.bib

% http://citeseer.ist.psu.edu/viewdoc/summary?doi=10.1.1.104.3829
@techreport{npb,
 author = {D. H. Bailey and E. Barszcz and J. T. Barton and D. S. Browning and R. L. Carter and R. A. Fatoohi and P. O. Frederickson and T. A. Lasinski and H. D. Simon and V. Venkatakrishnan and S. K. Weeratunga},
 title = {The nas parallel benchmarks},
 institution = {The International Journal of Supercomputer Applications},
 year = {1991}
}

% http://portal.acm.org/citation.cfm?id=235545
@article{perfect,
 author = {Saavedra, Rafael H. and Smith, Alan J.},
 title = {Analysis of benchmark characteristics and benchmark performance prediction},
 journal = {ACM Trans. Comput. Syst.},
 volume = {14},
 issue = {4},
 month = {November},
 year = {1996},
 issn = {0734-2071},
 pages = {344--384},
 numpages = {41},
 url = {http://doi.acm.org/10.1145/235543.235545},
 doi = {http://doi.acm.org/10.1145/235543.235545},
 acmid = {235545},
 publisher = {ACM},
 address = {New York, NY, USA},
 keywords = {abstract machine performance model, benchmark analysis, execution time prediction, microbenchmarking},
}


% EOF
