% cco.bib
% http://dl.acm.org/citation.cfm?id=2555249
@article{song:ppopp14,
 author = {Song, Sukhyun and Hollingsworth, Jeffrey K.},
 title = {Designing and Auto-tuning Parallel 3-D FFT for Computation-communication Overlap},
 journal = {SIGPLAN Not.},
 issue_date = {August 2014},
 volume = {49},
 number = {8},
 month = feb,
 year = {2014},
 issn = {0362-1340},
 pages = {181--192},
 numpages = {12},
 url = {http://doi.acm.org/10.1145/2692916.2555249},
 doi = {10.1145/2692916.2555249},
 acmid = {2555249},
 publisher = {ACM},
 address = {New York, NY, USA},
 keywords = {3-D FFT, MPI: overlap, all-to-all, auto-tuning, non-blocking, performance},
}

% http://dl.acm.org/citation.cfm?id=1006251
@inproceedings{brightwell:ics04,
 author = {Brightwell, Ron and Underwood, Keith D.},
 title = {An Analysis of the Impact of MPI Overlap and Independent Progress},
 booktitle = {Proceedings of the 18th Annual International Conference on Supercomputing},
 series = {ICS '04},
 year = {2004},
 isbn = {1-58113-839-3},
 location = {Malo, France},
 pages = {298--305},
 numpages = {8},
 url = {http://doi.acm.org/10.1145/1006209.1006251},
 doi = {10.1145/1006209.1006251},
 acmid = {1006251},
 publisher = {ACM},
 address = {New York, NY, USA},
 keywords = {MPI, message passing, overlap},
}

% http://dl.acm.org/citation.cfm?id=1810092
@inproceedings{potluri:ics10,
 author = {Potluri, Sreeram and Lai, Ping and Tomko, Karen and Sur, Sayantan and Cui, Yifeng and Tatineni, Mahidhar and Schulz, Karl W. and Barth, William L. and Majumdar, Amitava and Panda, Dhabhaleswar K.},
 title = {Quantifying Performance Benefits of Overlap Using MPI-2 in a Seismic Modeling Application},
 booktitle = {Proceedings of the 24th ACM International Conference on Supercomputing},
 series = {ICS '10},
 year = {2010},
 isbn = {978-1-4503-0018-6},
 location = {Tsukuba, Ibaraki, Japan},
 pages = {17--25},
 numpages = {9},
 url = {http://doi.acm.org/10.1145/1810085.1810092},
 doi = {10.1145/1810085.1810092},
 acmid = {1810092},
 publisher = {ACM},
 address = {New York, NY, USA},
 keywords = {MPI-2, RDMA, latency hiding, one-sided},
}


% http://dl.acm.org/citation.cfm?id=1810091
@inproceedings{marjanovic:ics10,
 author = {Marjanovi\'{c}, Vladimir and Labarta, Jes\'{u}s and Ayguad{\'e}, Eduard and Valero, Mateo},
 title = {Overlapping Communication and Computation by Using a Hybrid MPI/SMPSs Approach},
 booktitle = {Proceedings of the 24th ACM International Conference on Supercomputing},
 series = {ICS '10},
 year = {2010},
 isbn = {978-1-4503-0018-6},
 location = {Tsukuba, Ibaraki, Japan},
 pages = {5--16},
 numpages = {12},
 url = {http://doi.acm.org/10.1145/1810085.1810091},
 doi = {10.1145/1810085.1810091},
 acmid = {1810091},
 publisher = {ACM},
 address = {New York, NY, USA},
 keywords = {LINPACK, MPI, hybrid MPI/SMPSs, parallel programming model},
}

% http://dl.acm.org/citation.cfm?id=1542275.1542321
@inproceedings{danalis:ics09,
 author = {Danalis, Anthony and Pollock, Lori and Swany, Martin and Cavazos, John},
 title = {MPI-aware Compiler Optimizations for Improving Communication-computation Overlap},
 booktitle = {Proceedings of the 23rd International Conference on Supercomputing},
 series = {ICS '09},
 year = {2009},
 isbn = {978-1-60558-498-0},
 location = {Yorktown Heights, NY, USA},
 pages = {316--325},
 numpages = {10},
 url = {http://doi.acm.org/10.1145/1542275.1542321},
 doi = {10.1145/1542275.1542321},
 acmid = {1542321},
 publisher = {ACM},
 address = {New York, NY, USA},
 keywords = {communication-computation overlap, data flow analysis, mpi-aware compiler optimizations},
}

% http://dl.acm.org/citation.cfm?id=2404050&CFID=594384464&CFTOKEN=51450598
@inproceedings{pellegrini:eurompi12,
 author = {Pellegrini, Simone and Hoefler, Torsten and Fahringer, Thomas},
 title = {Exact Dependence Analysis for Increased Communication Overlap},
 booktitle = {Proceedings of the 19th European Conference on Recent Advances in the Message Passing Interface},
 series = {EuroMPI'12},
 year = {2012},
 isbn = {978-3-642-33517-4},
 location = {Vienna, Austria},
 pages = {89--99},
 numpages = {11},
 url = {http://dx.doi.org/10.1007/978-3-642-33518-1_14},
 doi = {10.1007/978-3-642-33518-1_14},
 acmid = {2404050},
 publisher = {Springer-Verlag},
 address = {Berlin, Heidelberg},
 keywords = {compiler analysis, data dependence analysis, message passing, polyhedral model},
}

% http://dl.acm.org/citation.cfm?id=1239932&CFID=594384464&CFTOKEN=51450598
@article{kaiser:sp01,
 author = {Kaiser, Timothy H. and Baden, Scott B.},
 title = {Overlapping Communication and Computation with OpenMP and MPI},
 journal = {Sci. Program.},
 issue_date = {August 2001},
 volume = {9},
 number = {2,3},
 month = aug,
 year = {2001},
 issn = {1058-9244},
 pages = {73--81},
 numpages = {9},
 url = {http://dl.acm.org/citation.cfm?id=1239928.1239932},
 acmid = {1239932},
 publisher = {IOS Press},
 address = {Amsterdam, The Netherlands, The Netherlands},
 keywords = {MPI, OpenMP, clusters, hybrid programming, parallel programming},
}
% http://dl.acm.org/citation.cfm?id=1105823&CFID=594384464&CFTOKEN=51450598
@inproceedings{danalis:sc05,
 author = {Danalis, Anthony and Kim, Ki-Yong and Pollock, Lori and Swany, Martin},
 title = {Transformations to Parallel Codes for Communication-Computation Overlap},
 booktitle = {Proceedings of the 2005 ACM/IEEE Conference on Supercomputing},
 series = {SC '05},
 year = {2005},
 isbn = {1-59593-061-2},
 pages = {58--},
 url = {http://dx.doi.org/10.1109/SC.2005.75},
 doi = {10.1109/SC.2005.75},
 acmid = {1105823},
 publisher = {IEEE Computer Society},
 address = {Washington, DC, USA},
}

% http://dl.acm.org/citation.cfm?id=1898816&CFID=594384464&CFTOKEN=51450598
@inproceedings{fishgold:ipdps06,
 author = {Fishgold, Lewis and Danalis, Anthony and Pollock, Lori and Swany, Martin},
 title = {An Automated Approach to Improve Communication-computation Overlap in Clusters},
 booktitle = {Proceedings of the 20th International Conference on Parallel and Distributed Processing},
 series = {IPDPS'06},
 year = {2006},
 isbn = {1-4244-0054-6},
 location = {Rhodes Island, Greece},
 pages = {290--290},
 numpages = {1},
 url = {http://dl.acm.org/citation.cfm?id=1898699.1898816},
 acmid = {1898816},
 publisher = {IEEE Computer Society},
 address = {Washington, DC, USA},
}

@inproceedings{subotic:hipeac08,
 author = {V. Subotic, J. Labarta and M. Valero},
 title = {Overlapping MPI Computation and Communication by Enforcing Speculative Dataflow},
 year = {2008},
}

% http://dl.acm.org/citation.cfm?id=1478140&CFID=594384464&CFTOKEN=51450598
@inproceedings{hu:npc08,
 author = {Hu, Changjun and Shao, Yewei and Wang, Jue and Li, Jianjiang},
 title = {Automatic Transformation for Overlapping Communication and Computation},
 booktitle = {Proceedings of the IFIP International Conference on Network and Parallel Computing},
 series = {NPC '08},
 year = {2008},
 isbn = {978-3-540-88139-1},
 location = {Shanghai, China},
 pages = {210--220},
 numpages = {11},
 url = {http://dx.doi.org/10.1007/978-3-540-88140-7_19},
 doi = {10.1007/978-3-540-88140-7_19},
 acmid = {1478140},
 publisher = {Springer-Verlag},
 address = {Berlin, Heidelberg},
 keywords = {Communication optimization, Control-flow analysis, Parallel compiling, Source-to-source transformation},
}

% http://dl.acm.org/citation.cfm?id=1188585&CFID=594384464&CFTOKEN=51450598
@inproceedings{sancho:sc06,
 author = {Sancho, Jos{\'e} Carlos and Barker, Kevin J. and Kerbyson, Darren J. and Davis, Kei},
 title = {Quantifying the Potential Benefit of Overlapping Communication and Computation in Large-scale Scientific Applications},
 booktitle = {Proceedings of the 2006 ACM/IEEE Conference on Supercomputing},
 series = {SC '06},
 year = {2006},
 isbn = {0-7695-2700-0},
 location = {Tampa, Florida},
 articleno = {125},
 url = {http://doi.acm.org/10.1145/1188455.1188585},
 doi = {10.1145/1188455.1188585},
 acmid = {1188585},
 publisher = {ACM},
 address = {New York, NY, USA},
 keywords = {overlapping communication and computation, performance modeling, scientific applications},
}


% http://dl.acm.org/citation.cfm?id=1229436&CFID=594384464&CFTOKEN=51450598
@inproceedings{iancu:ppopp07,
 author = {Iancu, Costin C. and Strohmaier, Erich},
 title = {Optimizing Communication Overlap for High-speed Networks},
 booktitle = {Proceedings of the 12th ACM SIGPLAN Symposium on Principles and Practice of Parallel Programming},
 series = {PPoPP '07},
 year = {2007},
 isbn = {978-1-59593-602-8},
 location = {San Jose, California, USA},
 pages = {35--45},
 numpages = {11},
 url = {http://doi.acm.org/10.1145/1229428.1229436},
 doi = {10.1145/1229428.1229436},
 acmid = {1229436},
 publisher = {ACM},
 address = {New York, NY, USA},
 keywords = {communication overlap, high-speed networks, latency hiding, logGP, logP, performance model, variability},
}

% http://dl.acm.org/citation.cfm?id=1899016&CFID=594384464&CFTOKEN=51450598
@inproceedings{bell:ipdps06,
 author = {Bell, Christian and Bonachea, Dan and Nishtala, Rajesh and Yelick, Katherine},
 title = {Optimizing Bandwidth Limited Problems Using One-sided Communication and Overlap},
 booktitle = {Proceedings of the 20th International Conference on Parallel and Distributed Processing},
 series = {IPDPS'06},
 year = {2006},
 isbn = {1-4244-0054-6},
 location = {Rhodes Island, Greece},
 pages = {84--84},
 numpages = {1},
 url = {http://dl.acm.org/citation.cfm?id=1898953.1899016},
 acmid = {1899016},
 publisher = {IEEE Computer Society},
 address = {Washington, DC, USA},
}

% http://dl.acm.org/citation.cfm?id=2597581
@article{didelot:imc14,
 author = {Didelot, Sylvain and Carribault, Patrick and P{\'e}rache, Marc and Jalby, William},
 title = {Improving MPI Communication Overlap with Collaborative Polling},
 journal = {Computing},
 issue_date = {April     2014},
 volume = {96},
 number = {4},
 month = apr,
 year = {2014},
 issn = {0010-485X},
 pages = {263--278},
 numpages = {16},
 url = {http://dx.doi.org/10.1007/s00607-013-0327-z},
 doi = {10.1007/s00607-013-0327-z},
 acmid = {2597581},
 publisher = {Springer-Verlag New York, Inc.},
 address = {New York, NY, USA},
 keywords = {68N15, 68N19, HPC, High-speed network, MPI, Overlap, Polling},
}

% http://dl.acm.org/citation.cfm?id=2404045&CFID=607615689&CFTOKEN=14022400
@inproceedings{didelot:eurompi12,
 author = {Didelot, Sylvain and Carribault, Patrick and P{\'e}rache, Marc and Jalby, William},
 title = {Improving MPI Communication Overlap with Collaborative Polling},
 booktitle = {Proceedings of the 19th European Conference on Recent Advances in the Message Passing Interface},
 series = {EuroMPI'12},
 year = {2012},
 isbn = {978-3-642-33517-4},
 location = {Vienna, Austria},
 pages = {37--46},
 numpages = {10},
 url = {http://dx.doi.org/10.1007/978-3-642-33518-1_9},
 doi = {10.1007/978-3-642-33518-1_9},
 acmid = {2404045},
 publisher = {Springer-Verlag},
 address = {Berlin, Heidelberg},
 keywords = {HPC, MPI, high-speed network, overlap, polling},
}

% Compiler
% http://dl.acm.org/citation.cfm?id=1359705
@article{bonachea:pum04,
 author = {Bonachea, Dan and Duell, Jason},
 title = {Problems with Using MPI 1.1 and 2.0 As Compilation Targets for Parallel Language Implementations},
 journal = {Int. J. High Perform. Comput. Netw.},
 issue_date = {January 2004},
 volume = {1},
 number = {1-3},
 month = aug,
 year = {2004},
 issn = {1740-0562},
 pages = {91--99},
 numpages = {9},
 url = {http://dx.doi.org/10.1504/IJHPCN.2004.007569},
 doi = {10.1504/IJHPCN.2004.007569},
 acmid = {1359705},
 publisher = {Inderscience Publishers},
 address = {Inderscience Publishers, Geneva, SWITZERLAND},
 keywords = {MPI support, RMA, compilation targets, global address space, high performance computing, high performance networking, memory access patterns, one\&\#45;sided communication, parallel languages},
}

% http://dl.acm.org/citation.cfm?id=2404033.2404038
@inproceedings{danalis:eurompi12,
 author = {Danalis, Anthony},
 title = {MPI and Compiler Technology: A Love-hate Relationship},
 booktitle = {Proceedings of the 19th European Conference on Recent Advances in the Message Passing Interface},
 series = {EuroMPI'12},
 year = {2012},
 isbn = {978-3-642-33517-4},
 location = {Vienna, Austria},
 pages = {12--13},
 numpages = {2},
 url = {http://dx.doi.org/10.1007/978-3-642-33518-1_4},
 doi = {10.1007/978-3-642-33518-1_4},
 acmid = {2404038},
 publisher = {Springer-Verlag},
 address = {Berlin, Heidelberg},
}

% http://dl.acm.org/citation.cfm?id=1609548&CFID=607615689&CFTOKEN=14022400
@article{preissl:tms10,
 author = {Preissl, Robert and Schulz, Martin and Kranzlm\"{u}ller, Dieter and de Supinski, Bronis R. and Quinlan, Daniel J.},
 title = {Transforming MPI Source Code Based on Communication Patterns},
 journal = {Future Gener. Comput. Syst.},
 issue_date = {January, 2010},
 volume = {26},
 number = {1},
 month = jan,
 year = {2010},
 issn = {0167-739X},
 pages = {147--154},
 numpages = {8},
 url = {http://dx.doi.org/10.1016/j.future.2009.05.017},
 doi = {10.1016/j.future.2009.05.017},
 acmid = {1609548},
 publisher = {Elsevier Science Publishers B. V.},
 address = {Amsterdam, The Netherlands, The Netherlands},
 keywords = {Abstract syntax tree, MPI communication pattern, ROSE compiler framework, Source code transformation, Suffix tree},
}

% http://dl.acm.org/citation.cfm?id=2467286
@inproceedings{aananthakrishnan:ics13,
 author = {Aananthakrishnan, Sriram and Bronevetsky, Greg and Gopalakrishnan, Ganesh},
 title = {Hybrid Approach for Data-flow Analysis of MPI Programs},
 booktitle = {Proceedings of the 27th International ACM Conference on International Conference on Supercomputing},
 series = {ICS '13},
 year = {2013},
 isbn = {978-1-4503-2130-3},
 location = {Eugene, Oregon, USA},
 pages = {455--456},
 numpages = {2},
 url = {http://doi.acm.org/10.1145/2464996.2467286},
 doi = {10.1145/2464996.2467286},
 acmid = {2467286},
 publisher = {ACM},
 address = {New York, NY, USA},
 keywords = {MPI, data-flow analysis, parallel control-flow graph},
}

% http://dl.acm.org/citation.cfm?id=1157634
@inproceedings{strout:icpp06,
 author = {Strout, Michelle Mills and Kreaseck, Barbara and Hovland, Paul D.},
 title = {Data-Flow Analysis for MPI Programs},
 booktitle = {Proceedings of the 2006 International Conference on Parallel Processing},
 series = {ICPP '06},
 year = {2006},
 isbn = {0-7695-2636-5},
 pages = {175--184},
 numpages = {10},
 url = {http://dx.doi.org/10.1109/ICPP.2006.32},
 doi = {10.1109/ICPP.2006.32},
 acmid = {1157634},
 publisher = {IEEE Computer Society},
 address = {Washington, DC, USA},
 keywords = {MPI, data-flow analysis, activity analysis, SPMD, MPI-ICFG},
}

% http://dl.acm.org/citation.cfm?id=1545049&CFID=607615689&CFTOKEN=14022400
@inproceedings{bronevetsky:cgo09,
 author = {Bronevetsky, Greg},
 title = {Communication-Sensitive Static Dataflow for Parallel Message Passing Applications},
 booktitle = {Proceedings of the 7th Annual IEEE/ACM International Symposium on Code Generation and Optimization},
 series = {CGO '09},
 year = {2009},
 isbn = {978-0-7695-3576-0},
 pages = {1--12},
 numpages = {12},
 url = {http://dx.doi.org/10.1109/CGO.2009.32},
 doi = {10.1109/CGO.2009.32},
 acmid = {1545049},
 publisher = {IEEE Computer Society},
 address = {Washington, DC, USA},
 keywords = {message-passing, compiler analysis, static analysis, parallel processing, multi-core},
}

% MPI modeling

% http://dl.acm.org/citation.cfm?id=1894126
@inproceedings{hoefler:eurompi10,
 author = {Hoefler, Torsten and Gropp, William and Thakur, Rajeev and Tr\"{a}ff, Jesper Larsson},
 title = {Toward Performance Models of MPI Implementations for Understanding Application Scaling Issues},
 booktitle = {Proceedings of the 17th European MPI Users' Group Meeting Conference on Recent Advances in the Message Passing Interface},
 series = {EuroMPI'10},
 year = {2010},
 isbn = {3-642-15645-2, 978-3-642-15645-8},
 location = {Stuttgart, Germany},
 pages = {21--30},
 numpages = {10},
 url = {http://dl.acm.org/citation.cfm?id=1894122.1894126},
 acmid = {1894126},
 publisher = {Springer-Verlag},
 address = {Berlin, Heidelberg},
}

% http://dl.acm.org/citation.cfm?id=1079516&CFID=607615689&CFTOKEN=14022400
@inproceedings{hoefler:icppw05,
 author = {Hoefler, Torsten and Cerquetti, Lavinio and Mietke, Frank},
 title = {A Practical Approach to the Rating of Barrier Algorithms Using the LogP Model and Open MPI},
 booktitle = {Proceedings of the 2005 International Conference on Parallel Processing Workshops},
 series = {ICPPW '05},
 year = {2005},
 isbn = {0-7695-2381-1},
 pages = {562--569},
 numpages = {8},
 url = {http://dx.doi.org/10.1109/ICPPW.2005.14},
 doi = {10.1109/ICPPW.2005.14},
 acmid = {1079516},
 publisher = {IEEE Computer Society},
 address = {Washington, DC, USA},
}

% http://dl.acm.org/citation.cfm?id=379592&CFID=607615689&CFTOKEN=14022400
@inproceedings{ino:ppopp2001,
 author = {Ino, Fumihiko and Fujimoto, Noriyuki and Hagihara, Kenichi},
 title = {LogGPS: A Parallel Computational Model for Synchronization Analysis},
 booktitle = {Proceedings of the Eighth ACM SIGPLAN Symposium on Principles and Practices of Parallel Programming},
 series = {PPoPP '01},
 year = {2001},
 isbn = {1-58113-346-4},
 location = {Snowbird, Utah, USA},
 pages = {133--142},
 numpages = {10},
 url = {http://doi.acm.org/10.1145/379539.379592},
 doi = {10.1145/379539.379592},
 acmid = {379592},
 publisher = {ACM},
 address = {New York, NY, USA},
}

% http://dl.acm.org/citation.cfm?id=1587629&CFID=607615689&CFTOKEN=14022400
@inproceedings{martinez:ipdps09,
 author = {Martinez, D. R. and Cabaleiro, J. C. and Pena, T. F. and Rivera, F. F. and Blanco, V.},
 title = {Accurate Analytical Performance Model of Communications in MPI Applications},
 booktitle = {Proceedings of the 2009 IEEE International Symposium on Parallel\&Distributed Processing},
 series = {IPDPS '09},
 year = {2009},
 isbn = {978-1-4244-3751-1},
 pages = {1--8},
 numpages = {8},
 url = {http://dx.doi.org/10.1109/IPDPS.2009.5161175},
 doi = {10.1109/IPDPS.2009.5161175},
 acmid = {1587629},
 publisher = {IEEE Computer Society},
 address = {Washington, DC, USA},
}

% http://dl.acm.org/citation.cfm?id=377027&CFID=607615689&CFTOKEN=14022400
@article{moritz:tpds01,
 author = {Moritz, Csaba Andras and Frank, Matthew I.},
 title = {LoGPC: Modeling Network Contention in Message-Passing Programs},
 journal = {IEEE Trans. Parallel Distrib. Syst.},
 issue_date = {April 2001},
 volume = {12},
 number = {4},
 month = apr,
 year = {2001},
 issn = {1045-9219},
 pages = {404--415},
 numpages = {12},
 url = {http://dx.doi.org/10.1109/71.920589},
 doi = {10.1109/71.920589},
 acmid = {377027},
 publisher = {IEEE Press},
 address = {Piscataway, NJ, USA},
 keywords = {Multiprocessors, modeling, pipelining, contention, network.},
}


% EOF
