@string{cgo03 = "First Int'l Symposium on Code Generation and Optimization"}
@string{cgo04 = "2nd Int'l Symposium on Code Generation and Optimization"}
@string{cgo05 = "3rd Int'l Symposium on Code Generation and Optimization"}
@string{cgo06 = "6th Int'l Symposium on Code Generation and Optimization"}
@string{wbia05 = "Workshop on Binary Instrumentation and Applications (WBIA-2005)"}
@string{pldi = "ACM Conference on Programming Language Design and Implementation"}
@string{micro24 = "24th Int'l Symposium on Microarchitecture"}
@string{micro25 = "25th Int'l Symposium on Microarchitecture"}
@string{micro26 = "26th Int'l Symposium on Microarchitecture"}
@string{micro27 = "27th Int'l Symposium on Microarchitecture"}
@string{micro28 = "28th Int'l Symposium on Microarchitecture"}
@string{micro29 = "29th Int'l Symposium on Microarchitecture"}
@string{micro30 = "30th Int'l Symposium on Microarchitecture"}
@string{micro31 = "31th Int'l Symposium on Microarchitecture"}
@string{micro32 = "32th Int'l Symposium on Microarchitecture"}
@string{micro33 = "33th Int'l Symposium on Microarchitecture"}
@string{micro34 = "34th Int'l Symposium on Microarchitecture"}
@string{micro35 = "35th Int'l Symposium on Microarchitecture"}
@string{micro36 = "36th Int'l Symposium on Microarchitecture"}
@string{pact00 = "9th Conference on Parallel Architectures and Compilation Techniques"}
@string{pact01 = "10th Conference on Parallel Architectures and Compilation Techniques"}
@string{icmd = "ACM SIGMOD Int'l Conference on Management of Data"}
@string{isca21 = "21th Int'l Symposium on Computer Architecture"}
@string{isca23 = "23th Int'l Symposium on Computer Architecture"}
@string{isca24 = "24th Int'l Symposium on Computer Architecture"}
@string{isca25 = "25th Int'l Symposium on Computer Architecture"}
@string{isca26 = "26th Int'l Symposium on Computer Architecture"}
@string{isca27 = "27th Int'l Symposium on Computer Architecture"}
@string{isca30 = "30th Int'l Symposium on Computer Architecture"}
@string{isca31 = "31st Int'l Symposium on Computer Architecture"}
@string{hpca4 = "4th Int'l Conference on High Performance Computer Architecture"}
@string{hpca6 = "6th Int'l Conference on High Performance Computer Architecture"}
@string{hpca8 = "8th Int'l Conference on High Performance Computer Architecture"}
@string{hpca9 = "9th Int'l Conference on High Performance Computer Architecture"}
@string{hpca10 = "10th Int'l Conference on High Performance Computer Architecture"}

% dwfctrlflow
% pages = {407--420},
@inproceedings{dwfctrlflow,
 author = {Fung,, W. W. L. and Sham,, I. and Yuan,, G. and Aamodt,, T. M.},
 title = {Dynamic Warp Formation and Scheduling for Efficient {GPU} Control Flow},
 booktitle = {MICRO},
 year = {2007},
 isbn = {0-7695-3047-8},
 }


% learnSMT
%pages = {239--251},
@inproceedings{learnSMT,
  author = {Choi,, S. and Yeung,, D.},
  title = {Learning-Based {SMT} Processor Resource Distribution via Hill-Climbing},
  booktitle = {ISCA},
  year = {2006},
  isbn = {0-7695-2608-X},
}

% longlatsmt
% pages = {318--327},
@inproceedings{longlatsmt,
  author = {Tullsen,, D. M. and Brown,, J. A.},
  title = {Handling long-latency loads in a simultaneous multithreading processor},
  booktitle = {MICRO 34},
  year = {2001},
}

% dynspec-precomp
% pages = {306--317},
@inproceedings{dynspec-precomp,
  author = {Collins,, J. D. and Tullsen,, D. M. and Wang,, H. and Shen,, J. P.},
  title = {Dynamic speculative precomputation},
  booktitle = {MICRO 34},
  year = {2001},
  isbn = {0-7695-1369-7},
}

% runaheadsmt
% pages={149-158},
@ARTICLE{runaheadsmt,
  title={Runahead Threads to improve {SMT} performance},
  author={Ramirez, T. and Pajuelo, A. and Santana, O.J. and Valero, M.},
  journal={HPCA},
  year={2008},
  month={Feb.},
  volume={},
  number={},
}

% mlpcacherepl
% pages = {167--178},
@inproceedings{mlpcacherepl,
  author = {Qureshi,, M. K. and Lynch,, D. N. and Mutlu,, O. and Patt,, Y. N.},
  title = {A Case for {MLP}-Aware Cache Replacement},
  booktitle = {ISCA},
  year = {2006},
}

@inproceedings{mlpawarefetch,
  author = {Everman,, S. and Eeckhout,, L.},
  title = {A Memory-Level Parallelism Aware Fetch Policy for SMT Processors},
  booktitle = {HPCA '07},
  year = {2007},
  isbn = {1-4244-0804-0},
  pages = {240--249},
  address = {Washington, DC, USA},
}

% cmpthroughput
@inproceedings{cmpthroughput,
  author = {J. D. Davis and J. Laudon and K. Olukotun},
  title = {Maximizing {CMP} Throughput with Mediocre Cores},
  booktitle = {PACT '05},
  year = {2005},
  isbn = {0-7695-2429-X},
  pages = {51--62},
  address = {Washington, DC, USA},
}

% tesla
@article{tesla,
  title = {{GeForce GTX 280} Specifications},
  author = {NVIDIA Corporation},
  url = {http://www.nvidia.com/object/product_geforce_gtx_280_us.html},
  year = {2008},
}

% cell
@inproceedings{cell,
  author = {M. Gschwind},
  title = {Chip multiprocessing and the {Cell Broadband Engine}},
  booktitle = {CF},
  year = {2006},
  }

@inproceedings{cmt,
  author = {L. Spracklen and S. G. Abraham},
  title = {Chip Multithreading: Opportunities and Challenges},
  booktitle = {HPCA '05},
  year = {2005},
  isbn = {0-7695-2275-0},
  pages = {248--252},
  address = {Washington, DC, USA},
}

% gcov
% jichi 7/22/2013
% http://dl.acm.org/citation.cfm?id=2063509.2063511
% http://dl.acm.org/citation.cfm?id=1287681
@inproceedings{gcov,
  title = {{gcov} documentation},
  howpublished = {url = {http://gcc.gnu.org/onlinedocs/gcc/Gcov.html}},
}

%note={http://dev\-e\-loper.\-down\-load.n\-vid\-ia.\-com/\-com\-pute/\-cu\-da/\-
%08/\-N\-VID\-IA\_\-CU\-DA\_\-Prog\-ram\-ming\_\-Guide\_\-0.8.pdf}}
@misc{cuda,
  title={{NVIDIA CUDA} compute unified device architecture programming guide},
  author={{NVIDIA Corporation}},
  year=2007,
  howpublished = {http://dev\-e\-loper.\-down\-load.n\-vid\-ia.\-com/\-com\-pute/\-cu\-da/\-
  08/\-N\-VID\-IA\_\-CU\-DA\_\-Prog\-ram\-ming\_\-Guide\_\-0.8.pdf},
}


@misc{brook+,
  title={{AMD Brook+}},
  author={{Advanced Micro Devices, Inc}},
  howpublished = {http://ati.amd.com/technology/streamcomputing/AMD\-Brookplus.pdf}
}

@article{fermi,
  title={{NVIDIA}'s Next Generation {CUDA} Compute Architecture: {Fermi}},
  journal={{NVIDIA Corporation}},
  year=2009,
  howpublished = {url={http://www.nvidia.com/content/PDF/fermi\_white_\papers/NVIDIA\_Fermi\_Compute\_Architecture\_Whitepaper.pdf}}},
}


@techreport{landscape,
  author = {K. Asanovic and R. Bodik and B. Christopher
      C. and J. J. Gebis and P. Husbands
      and K. Keutzer and D. A. Patterson and W.
      L. Plishker and J. Shalf and S. W.
      Williams and K. A. Yelick},
  title = {The Landscape of Parallel Computing Research: A View from {Berkeley}},
  institution = {EECS Department, University of California, Berkeley},
  year = {2006},
  number = {UCB/EECS-2006-183}
}


@inproceedings{brook,
author = {Buck, I,   and Foley, T,   and Horn, D.   and Sugerman, J.  and Fatahalian, K.   and Houston, M.   and Hanrahan, P.  },
  booktitle = {SIGGRAPH '04},
  citeulike-article-id = {1116360},
  keywords = {bibtex-import, necst},
  priority = {2},
  title = {{Brook for GPUs}: stream computing on graphics hardware},
  year = {2004}
}

% larrabee
% pages = {1--15},
@article{larrabee,
  author = {L. Seiler and D. Carmean and E. Sprangle and T. Forsyth and M. Abrash and P. Dubey and S. Junkins and A. Lake and J. Sugerman and R. Cavin and R. Espasa and E. Grochowski and T. Juan and P. Hanrahan},
  title = {Larrabee: a many-core x86 architecture for visual computing},
  journal = {ACM Trans. Graph.},
  volume = {27},
  number = {3},
  year = {2008},
  }

% simdbranch
% pages = {529},
@inproceedings{simdbranch,
  author = {Takahashi,, Y.},
  title = {A Mechanism for {SIMD} Execution of {SPMD} Programs},
  booktitle = {HPC-ASIA},
  year = {1997},
}

% simdbottleneck
@article{simdbottleneck,
  author = {Talla,, D. and John,, L. K. and Burger,, D.},
  title = {Bottlenecks in Multimedia Processing with SIMD Style Extensions and Architectural Enhancements},
  journal = {IEEE Trans. Comput.},
  volume = {52},
  number = {8},
  year = {2003},
  issn = {0018-9340},
  pages = {1015--1031},
}

% simdcosteffect
%   pages = {415--424}
@INPROCEEDINGS{simdcosteffective,
  author = {D. Talla and L. K. John},
  title = {Cost-effective Hardware Acceleration of Multimedia Applications},
  booktitle = {ICCD},
  year = {2001},
}

% simdloopunroll
@ARTICLE{simdloopunroll,
title={{SIMD - efficient loop unrolling design for embedded multimedia applications}},
  author={Y. Dai and Q. Li and Q. Zhang and Jay Kuo, C.-C.},
  journal={ICME},
  year={2004},
  month={June},
  volume={3},
  number={},
  pages={ 1851-1854 Vol.3},
}

% gpuhmmer
@inproceedings{gpuhmmer,
  author = {Horn,, D. R. and Houston,, M. and Hanrahan,, P.},
  title = {ClawHMMER: A Streaming HMMer-Search Implementation},
  booktitle = {SC '05},
  year = {2005},
  isbn = {1-59593-061-2},
  pages = {11},
  address = {Washington, DC, USA},
  }

@inproceedings{mlpawarefetch,
  author = {Everman,, S. and Eeckhout,, L.},
  title = {A Memory-Level Parallelism Aware Fetch Policy for SMT Processors},
  booktitle = {HPCA '07},
  year = {2007},
  isbn = {1-4244-0804-0},
  pages = {240--249},
  address = {Washington, DC, USA},
  }


@inproceedings{wattch,
  author = 	{D. Brooks and V. Tiwari and M. Martonosi},
  title = 	{{Wattch: A Framework for Architectural-Level Power Analysis and Optimizations}},
  booktitle = {ISCA 27},
  month = Jun,
  year = 2000,
}


@inproceedings{hotspot,
  author = {W. Huang and M. R. Stan and K. Skadron and S. Ghosh and K. Sankaranarayanan and S. Velusamy},
  title = {Compact Thermal Modeling for Temperature-Aware Design},
  booktitle = {DAC'04},
  year = 2004,
}

@misc{gpu,
  author = {D. Luebke and G. Humphreys},
  title = {How {GPU}s work},
  booktitle = {IEEE Computer},
  volumn = 40,
  number = 2,
  pages = {96-100},
  year = {2007},
}

@inproceedings{gpuqp,
  author = {R. Fang and B. He and M. Lu and K. Yang and N. K. Govindaraju and Q. Luo and P. V. Sander},
  title = {{GPUQP}: query co-processing using graphics processors},
  booktitle = {SIGMOD'07},
  year = {2007},
  pages = {1061--1063},
  address = {New York, NY, USA},
}


@article{smt,
   author =       "J. L. Lo and S. J. Eggers and J. S. Emer and H. M. Levy and R. L. Stamm and D. M. Tullsen",
   title =        "Converting Thread-Level Parallelism to
                  Instruction-Level Parallelism via {Simultaneous
                  Multithreading}",
   journal =      "ACM Trans. Comput. Syst.",
   volume =       "15",
   number =       "3",
   year =         "1997"
}

@article{niagara,
  author = {P. Kongetira and K. Aingaran and K. Olukotun},
   title = {Niagara: A 32-Way Multithreaded Sparc Processor},
    journal = {IEEE Micro},
     volume = {25},
      number = {2},
       year = {2005},
        issn = {0272-1732},
         pages = {21--29},
            address = {Los Alamitos, CA, USA},
}

@article{coreduo,
institute={Intel Corporation},
title = {Interl {C}ore 2 {D}uo Processors},
url = {http://www.intel.com/products/processor/core2duo/index.htm}
}


% month={Oct. },
% pages={182-188},
@article{minebench,
title={MineBench: A Benchmark Suite for Data Mining Workloads},
author={Narayanan, R. and Ozisikyilmaz, B. and Zambreno, J. and Memik, G. and Choudhary, A.},
journal={IISWC},
year={2006},
}

@article{leukocyte,
title = {{Accelerating Leukocyte Tracking using CUDA: A Case Study in Leveraging Manycore Coprocessors}},
author = {M. Boyer and D. Tarjan and S. T. Acton and K. Skadron},
journal = {IPDPS},
year = {2009},
month = {May},
}

@article{rodinia,
title={A Performance Study of General Purpose Applications on Graphisc Processors using {CUDA}},
author = {S. Che and M. Boyer and J. Meng and D. Tarjan and J. W. Sheaffer and K. Skadron},
journal={JPDC},
year = {2008},
}


% pages = {5--5},
@inproceedings{pthread,
  author = {R. A. Alfieri},
   title = {An efficient kernel-based implementation of {POSIX} threads},
    booktitle = {USTC},
     year = {1994},
}

%pages = 	{24--36},
%month = 	{June},
@article{splash2,
author = 	{S. C. Woo and M. Ohara and E. Torrie and J. P. Singh and A. Gupta},
title = 	{The {SPLASH-2} Programs: Characterization and Methodological Considerations},
journal = 	{ISCA},
year = 		{1995}
}

@inproceedings{victimreplicate,
  author = {M. Zhang and K. Asanovic},
  title = {Victim Replication: Maximizing Capacity while Hiding Wire Delay in Tiled Chip Multiprocessors},
  booktitle = {ISCA '05},
  year = {2005},
  isbn = {0-7695-2270-X},
  pages = {336--345},
  }

  @inproceedings{victimmigrate,
  author = {M. Zhang and K. Asanovic},
  title = {Victim Migration: Dynamically Adapting between Private and Shared CMP Caches},
  booktitle = {MIT Technical Report MIT-CSAIL-TR-2005-064, MIT-LCS-TR-1006},
  year = {2005},
  }

  @article{rpu,
  author = {Woop,, S. and Schmittler,, J. and Slusallek,, P.},
  title = {RPU: a programmable ray processing unit for realtime ray tracing},
  journal = {ACM Trans. Graph.},
  volume = {24},
  number = {3},
  year = {2005},
  issn = {0730-0301},
  pages = {434--444},
  address = {New York, NY, USA},
  }


@article{pullini:1320839,
author = {A. Pullini and F. Angiolini and S. Murali and D. Atienza and G. D. Micheli and L. Benini},
   title = {{Bringing NoCs to 65 nm}},
    journal = {IEEE Micro},
     volume = {27},
      number = {5},
       year = {2007},
        issn = {0272-1732},
}


@techreport{cacti4.2,
author =        {D. Tarjan and S. Thoziyoor and N. P.~Jouppi},
title =         {CACTI 4.0},
institution = {HP Laboratories Palo Alto},
year =          2006,
number =        {HPL-2006-86}
}



@article{dram,
title = {A Comprehensive Approach to DRAM Power Management},
author = {I. Hur and C. Lin},
journal = {HPCA '08},
pages = {305-316},
year = {2008}
}


@article{ibmhpct,
  title = {{IBM System Blue Gene Solution: Performance Analysis Tools}},
  author = {Gary Lakner and I-Hsin Chung and Guojing Cong and Scott Fadden and Nicholas Goracke and David Klepacki and Jeffrey Lien and Christoph Pospiech and Seetharami R. Seelam and Hui-Fang Wen},
  month = {Nov},
  year = {2008},
  howpublished = {url={http://www.redbooks.ibm.com/redpapers/pdfs/redp4256.pdf}},
}

@article{bwalkupprof,
  author = {Bob Walkup},
  title = {{Unsupported Library to Access Performance Counters of BG/Q}},
}

@article{simplescalar,
 author = {Austin, Todd and Larson, Eric and Ernst, Dan},
 title = {{SimpleScalar}: An Infrastructure for Computer System Modeling},
 journal = {Computer},
 volume = {35},
 number = {2},
 month = feb,
 year = {2002},
 pages = {59--67},
 numpages = {9},
}


% EOF

