
% LogGP: incorporating long messages into the LogP modelâ€”one step closer towards a realistic model for parallel computation

% LogGP: http://dl.acm.org/citation.cfm?id=215427
@inproceedings{loggp,
 author = {Alexandrov, Albert and Ionescu, Mihai F. and Schauser, Klaus E. and Scheiman, Chris},
 title = {{LogGP}: Incorporating Long Messages into the {LogP} Model ;One Step Closer Towards a Realistic Model for Parallel Computation},
 booktitle = {Proceedings of the Seventh Annual ACM Symposium on Parallel Algorithms and Architectures},
 series = {SPAA '95},
 year = {1995},
 isbn = {0-89791-717-0},
 location = {Santa Barbara, California, USA},
 pages = {95--105},
 numpages = {11},
 url = {http://doi.acm.org/10.1145/215399.215427},
 doi = {10.1145/215399.215427},
 acmid = {215427},
 publisher = {ACM},
 address = {New York, NY, USA},
}

% LogP: http://dl.acm.org/citation.cfm?id=240477
@article{logp,
 author = {Culler, David E. and Karp, Richard M. and Patterson, David and Sahay, Abhijit and Santos, Eunice E. and Schauser, Klaus Erik and Subramonian, Ramesh and von Eicken, Thorsten},
 title = {{LogP}: A Practical Model of Parallel Computation},
 journal = {Commun. ACM},
 issue_date = {Nov. 1996},
 volume = {39},
 number = {11},
 month = nov,
 year = {1996},
 issn = {0001-0782},
 pages = {78--85},
 numpages = {8},
 url = {http://doi.acm.org/10.1145/240455.240477},
 doi = {10.1145/240455.240477},
 acmid = {240477},
 publisher = {ACM},
 address = {New York, NY, USA},
}

% MPICH2: A New Start for MPI Implementations
% http://dl.acm.org/citation.cfm?id=648139.749473
@inproceedings{mpich2,
 author = {Gropp, William},
 title = {{MPICH2}: A New Start for {MPI} Implementations},
 booktitle = {Proceedings of the 9th European PVM/MPI Users' Group Meeting on Recent Advances in Parallel Virtual Machine and Message Passing Interface},
 year = {2002},
 isbn = {3-540-44296-0},
 pages = {7--},
 url = {http://dl.acm.org/citation.cfm?id=648139.749473},
 acmid = {749473},
 publisher = {Springer-Verlag},
 address = {London, UK},
}

% Optimization for MPI protocols

% http://citeseerx.ist.psu.edu/viewdoc/summary?doi=10.1.1.101.380
@inproceedings{brightwell:eurompi03,
 author = {Ron Brightwell and Keith Underwood},
 title = {Evaluation of an eager protocol optimization for {MPI}},
 booktitle = {Proceedings of EuroPVM/MPI},
 year = {2003},
 pages = {327--334}
}

% http://dl.acm.org/citation.cfm?id=2488566
@inproceedings{hatanaka:eurompi13,
 author = {Hatanaka, Masayuki and Hori, Atsushi and Ishikawa, Yutaka},
 title = {Optimization of {MPI} Persistent Communication},
 booktitle = {Proceedings of the 20th European MPI Users' Group Meeting},
 series = {EuroMPI '13},
 year = {2013},
 isbn = {978-1-4503-1903-4},
 location = {Madrid, Spain},
 pages = {79--84},
 numpages = {6},
 url = {http://doi.acm.org/10.1145/2488551.2488566},
 doi = {10.1145/2488551.2488566},
 acmid = {2488566},
 publisher = {ACM},
 address = {New York, NY, USA},
 keywords = {MPI, RDMA, persistent communication},
}

% http://dl.acm.org/citation.cfm?id=782855
@inproceedings{liu:ics03,
 author = {Liu, Jiuxing and Wu, Jiesheng and Kini, Sushmitha P. and Wyckoff, Pete and Panda, Dhabaleswar K.},
 title = {High Performance {RDMA}-based {MPI} Implementation over {InfiniBand}},
 booktitle = {Proceedings of the 17th Annual International Conference on Supercomputing},
 series = {ICS '03},
 year = {2003},
 isbn = {1-58113-733-8},
 location = {San Francisco, CA, USA},
 pages = {295--304},
 numpages = {10},
 url = {http://doi.acm.org/10.1145/782814.782855},
 doi = {10.1145/782814.782855},
 acmid = {782855},
 publisher = {ACM},
 address = {New York, NY, USA},
 keywords = {InfiniBand, MPI, cluster computing, high performance computing},
}

% http://dl.acm.org/citation.cfm?id=2033440
@inproceedings{denis:eurompi11,
 author = {Denis, Alexandre},
 title = {A High Performance Superpipeline Protocol for {InfiniBand}},
 booktitle = {Proceedings of the 17th International Conference on Parallel Processing - Volume Part II},
 series = {Euro-Par'11},
 year = {2011},
 isbn = {978-3-642-23396-8},
 location = {Bordeaux, France},
 pages = {276--287},
 numpages = {12},
 url = {http://dl.acm.org/citation.cfm?id=2033408.2033440},
 acmid = {2033440},
 publisher = {Springer-Verlag},
 address = {Berlin, Heidelberg},
}

% http://dl.acm.org/citation.cfm?id=2091382&CFID=607615689&CFTOKEN=14022400
@inproceedings{woodall:eurompi06,
 author = {Woodall, Tim S. and Shipman, Galen M. and Bosilca, George and Graham, Richard L. and Maccabe, Arthur B.},
 title = {High Performance {RDMA} Protocols in {HPC}},
 booktitle = {Proceedings of the 13th European PVM/MPI User's Group Conference on Recent Advances in Parallel Virtual Machine and Message Passing Interface},
 series = {EuroPVM/MPI'06},
 year = {2006},
 isbn = {3-540-39110-X, 978-3-540-39110-4},
 location = {Bonn, Germany},
 pages = {76--85},
 numpages = {10},
 url = {http://dx.doi.org/10.1007/11846802_18},
 doi = {10.1007/11846802_18},
 acmid = {2091382},
 publisher = {Springer-Verlag},
 address = {Berlin, Heidelberg},
}

% http://dl.acm.org/citation.cfm?id=2642771
@inproceedings{traff:eurompi14:ocd,
 author = {Tr\"{a}ff, Jesper Larsson},
 title = {Optimal {MPI} Datatype Normalization for Vector and Index-block Types},
 booktitle = {Proceedings of the 21st European MPI Users' Group Meeting},
 series = {EuroMPI/ASIA '14},
 year = {2014},
 isbn = {978-1-4503-2875-3},
 location = {Kyoto, Japan},
 pages = {33:33--33:38},
 articleno = {33},
 numpages = {6},
 url = {http://doi.acm.org/10.1145/2642769.2642771},
 doi = {10.1145/2642769.2642771},
 acmid = {2642771},
 publisher = {ACM},
 address = {New York, NY, USA},
}

% http://dl.acm.org/citation.cfm?id=2642770
@inproceedings{traff:eurompi14:mcd,
 author = {Tr\"{a}ff, Jesper Larsson and Rougier, Antoine},
 title = {{MPI} Collectives and Datatypes for Hierarchical All-to-all Communication},
 booktitle = {Proceedings of the 21st European MPI Users' Group Meeting},
 series = {EuroMPI/ASIA '14},
 year = {2014},
 isbn = {978-1-4503-2875-3},
 location = {Kyoto, Japan},
 pages = {27:27--27:32},
 articleno = {27},
 numpages = {6},
 url = {http://doi.acm.org/10.1145/2642769.2642770},
 doi = {10.1145/2642769.2642770},
 acmid = {2642770},
 publisher = {ACM},
 address = {New York, NY, USA},
}

% http://dl.acm.org/citation.cfm?id=1431697
@inproceedings{graham:eurompi08,
 author = {Graham, Richard L. and Shipman, Galen},
 title = {{MPI} Support for Multi-core Architectures: Optimized Shared Memory Collectives},
 booktitle = {Proceedings of the 15th European PVM/MPI Users' Group Meeting on Recent Advances in Parallel Virtual Machine and Message Passing Interface},
 year = {2008},
 isbn = {978-3-540-87474-4},
 location = {Dublin, Ireland},
 pages = {130--140},
 numpages = {11},
 url = {http://dx.doi.org/10.1007/978-3-540-87475-1_21},
 doi = {10.1007/978-3-540-87475-1_21},
 acmid = {1431697},
 publisher = {Springer-Verlag},
 address = {Berlin, Heidelberg},
 keywords = {Collectives, MPI_Allreduce, MPI_Bcast, MPI_Reduce, Shared-Memory},
}

% http://dl.acm.org/citation.cfm?id=2145872
@article{mittal:ppopp12,
 author = {Mittal, Anshul and Jain, Nikhil and George, Thomas and Sabharwal, Yogish and Kumar, Sameer},
 title = {Collective Algorithms for Sub-communicators},
 journal = {SIGPLAN Not.},
 issue_date = {August 2012},
 volume = {47},
 number = {8},
 month = feb,
 year = {2012},
 issn = {0362-1340},
 pages = {315--316},
 numpages = {2},
 url = {http://doi.acm.org/10.1145/2370036.2145872},
 doi = {10.1145/2370036.2145872},
 acmid = {2145872},
 publisher = {ACM},
 address = {New York, NY, USA},
 keywords = {collectives, sub-communicators, torus},
}

% Load balance

% http://dl.acm.org/citation.cfm?id=1637355
@inproceedings{nian:niss09,
 author = {Nian, Sun and Guangmin, Liang},
 title = {Dynamic Load Balancing Algorithm for {MPI} Parallel Computing},
 booktitle = {Proceedings of the 2009 International Conference on New Trends in Information and Service Science},
 series = {NISS '09},
 year = {2009},
 isbn = {978-0-7695-3687-3},
 pages = {95--99},
 numpages = {5},
 url = {http://dx.doi.org/10.1109/NISS.2009.171},
 doi = {10.1109/NISS.2009.171},
 acmid = {1637355},
 publisher = {IEEE Computer Society},
 address = {Washington, DC, USA},
}

http://dl.acm.org/citation.cfm?id=2642788
@inproceedings{kale:eurompi14,
 author = {Kale, Vivek and Randles, Amanda and Gropp, William D.},
 title = {Locality-Optimized Mixed Static/Dynamic Scheduling for Improving Load Balancing on {SMPs}},
 booktitle = {Proceedings of the 21st European MPI Users' Group Meeting},
 series = {EuroMPI/ASIA '14},
 year = {2014},
 isbn = {978-1-4503-2875-3},
 location = {Kyoto, Japan},
 pages = {115:115--115:116},
 articleno = {115},
 numpages = {2},
 url = {http://doi.acm.org/10.1145/2642769.2642788},
 doi = {10.1145/2642769.2642788},
 acmid = {2642788},
 publisher = {ACM},
 address = {New York, NY, USA},
}

% Caching

% http://dl.acm.org/citation.cfm?id=1679727
@inproceedings{buntinas:icpp09,
 author = {Buntinas, Darius and Goglin, Brice and Goodell, David and Mercier, Guillaume and Moreaud, St{\'e}phanie},
 title = {Cache-Efficient, Intranode, Large-Message {MPI} Communication with {MPICH2-Nemesis}},
 booktitle = {Proceedings of the 2009 International Conference on Parallel Processing},
 series = {ICPP '09},
 year = {2009},
 isbn = {978-0-7695-3802-0},
 pages = {462--469},
 numpages = {8},
 url = {http://dx.doi.org/10.1109/ICPP.2009.22},
 doi = {10.1109/ICPP.2009.22},
 acmid = {1679727},
 publisher = {IEEE Computer Society},
 address = {Washington, DC, USA},
}

% http://dl.acm.org/citation.cfm?id=2642799
@inproceedings{isujita:eurompi14,
 author = {Tsujita, Yuichi and Hori, Atsushi and Ishikawa, Yutaka},
 title = {Locality-Aware Process Mapping for High Performance Collective {MPI-IO} on {FEFS} with {Tofu} Interconnect},
 booktitle = {Proceedings of the 21st European MPI Users' Group Meeting},
 series = {EuroMPI/ASIA '14},
 year = {2014},
 isbn = {978-1-4503-2875-3},
 location = {Kyoto, Japan},
 pages = {157:157--157:162},
 articleno = {157},
 numpages = {6},
 url = {http://doi.acm.org/10.1145/2642769.2642799},
 doi = {10.1145/2642769.2642799},
 acmid = {2642799},
 publisher = {ACM},
 address = {New York, NY, USA},
 keywords = {Lustre, MPI-IO, Tofu, locality-aware process mapping, two-phase I/O},
}

% http://dl.acm.org/citation.cfm?id=2467282
@inproceedings{ozog:ics13,
 author = {Ozog, David and Shende, Sameer and Malony, Allen and Hammond, Jeff R. and Dinan, James and Balaji, Pavan},
 title = {Inspector/Executor Load Balancing Algorithms for Block-sparse Tensor Contractions},
 booktitle = {Proceedings of the 27th International ACM Conference on International Conference on Supercomputing},
 series = {ICS '13},
 year = {2013},
 isbn = {978-1-4503-2130-3},
 location = {Eugene, Oregon, USA},
 pages = {483--484},
 numpages = {2},
 url = {http://doi.acm.org/10.1145/2464996.2467282},
 doi = {10.1145/2464996.2467282},
 acmid = {2467282},
 publisher = {ACM},
 address = {New York, NY, USA},
 keywords = {dynamic load balancing, global arrays, quantum chemistry, static partitioning, tensor contractions},
}


@inproceedings{Bamboo:SC12, 
 author = {Tan Nguyen, Pietro Cicotti, Eric Bylaska, Dan Quinlan, and Scott Baden},
 title = {Bamboo - Translating MPI applications to a latency-tolerant, data-driven form},
 booktitle = {Proceedings of the 2012 ACM/IEEE conference on Supercomputing (SC12)},
 address = {Salt Lake City, Utah, United States}, 
 year = {2012}
}



% EOF
