@InProceedings{AJMY:SC98,
    Author = {V. Adve and G. Jin and J. Mellor-Crummey and Q. Yi},
    Title = {High Performance Fortran Compilation Techniques
        for Parallelizing Scientific Codes},
    BookTitle = {SC'98: High Performance Computing and Networking},
    Month = {Nov},
    Year = 1998
}
                                                                                

@InProceedings {YAK:PLDI00,
  author =       "Qing Yi and Vikram Adve and Ken Kennedy",
  title =        "Transforming Loops to Recursion for Multi-Level Memory Hierarchies",
  BookTitle =    "PLDI'00: ACM SIGPLAN Conference on Programming Language Design and Implementation",
  address =      "Vancouver, British Columbia, Canada",
  year =         "2000",
  month =        "June",
}

@TechReport{YK:Report,
    Title       = {Transforming Complex Loop Nests for Locality},
    Author      = {Qing Yi and Ken Kennedy},
    Institution = {Computer Science Dept., Rice University},
    Number      = {TR02-386},
    month       = {Feb.},
    year        = {2002},
}

@PHDTHESIS{YiThesis,
  author =       "Qing Yi",
  title =        "Transforming Complex Loop Nests For Locality",
  school =       "Rice University",
  year =         "2002",
}

@InProceedings {YK:LACSI02,
  author =       "Qing Yi and Ken Kennedy",
  title =        "Improving Memory Hierarchy Performance Through Combined Loop
                  Interchange and Multi-Level Fusion",
  BookTitle =    "LACSI Symposium",
  address =      "Santa Fe, NM",
  year =         "2002",
  month =        "Oct",
}

@InProceedings{QSYS:LCPC03,
  author =       "Dan Quinlan and Markus Schordan and Qing Yi and Bronis de Supinski",
  title =        "Semantic-Driven Parallelization of Loops Operating on User-Defined Containers",
  booktitle =    "LCPC'03: 16th Annual Workshop on Languages and Compilers for Parallel Computing",
  series    =    {Lecture Notes in Computer Science},
  month =        oct,
  year =         "2003",
}
                                                                                
@InProceedings{QSYS:WOMPAT03,
  author     = "Daniel Quinlan and Markus Schordan and Qing Yi and Bronis de Supinski",
  title      = "A {C++} Infrastructure for Automatic Introduction and Translation of {OpenMP} Directives",   
  booktitle  = "WOMPAT'03: Workshop on OpenMP Applications and Tools",
  series    = {Lecture Notes in Computer Science},
  volume     = {2716},
  pages      = "13-25",
  month      = June,
  publisher  = "Springer Verlag",
  year       = "2003",
  isbn       = {3-540-40435-X},
}

@Article{YK:IJHPCA04,
    Author = {Qing Yi and Ken Kennedy},
    Title = {Improving Memory Hierarchy Performance Through Combined Loop
                  Interchange and Multi-Level Fusion},
    Journal = {The International Journal of High Performance Computing Applications},
    Volume = 18,
    Number = 2,
    Year = 2004
}

@Article{YKA:JSC04,
    Author = {Qing Yi and Ken Kennedy and Vikram Adve},
    Title = {Transforming Complex Loop Nests For Locality},
    Journal = {The Journal Of Supercomputing},
    Volume = 27,
    Pages-added = {219-264},
    Year = 2004
}

@InProceedings{YQ:LCPC04,
    Author = {Qing Yi and Dan Quinlan},
    Title = {Applying Loop Optimizations to Object-oriented Abstractions Through General Classification of Array Semantics},
    BookTitle = {LCPC04: The 17th International Workshop on Languages and Compilers for Parallel Computing},
    address =      "West Lafayette, Indiana, USA",
    month =        "Sep",
    year =         "2004",
}

@InProceedings{YKYSD:MSP04,
    Author = {Qing Yi and Ken kennedy and Haihang You and Keith Seymour and Jack Dongarra},
    Title = {Automatic Blocking Of QR and LU Factorizations for Locality},
    BookTitle =    {MSP04: The Second {ACM} {SIGPLAN} Workshop on Memory System Performance},
    address =      "Washington, DC, USA",
    month =        "June",
    year =         "2004",
}
                                                                                             
@InProceedings{QSYS:ISOLA04,
    Author = {Dan Quinlan and Markus Schordan and Qing Yi and Andreas Saebjornsen}, 
    Title = {Classification and Utilization of Abstractions for Optimization},
    BookTitle = {ISOLA'04: The First International Symposium on Leveraging Applications of Formal Methods},
    address =   "Paphos, Cyprus",
    month =        "Oct",
    year =         "2004",
}

@InProceedings{QYKEDSW:PPHEC05,
    Author = {Dan Quinlan and Qing Yi and Gary Kumfert and Thomas Epperly and Tamara Dahlgren and Markus Schordan}, 
    Title = {Toward the Automated Generation of Components from Existing Source Code},
    BookTitle = {PPHEC'05: The Second Workshop on Productivity and Performance in High-end Computing},
    address =   "San Francisco",
    month =        "Feb",
    year =         "2005",
}

@InProceedings{QY:LCPC05,
  Author = {Qing Yi}, 
  Title = {Applying Data Copy to Improve Memory Performance of General Array Computations},
  BookTitle = {LCPC'05: The 18th International Workshop on Languages and Compilers for Parallel Computing}, 
  address = "Hawthorne, New York",
  month = "Oct",
  year = "2005"
}

@TechReport{Zhao2005:paramfusion,
author = {Yuan Zhao and Qing Yi and Ken Kennedy and Dan Quinlan and
Richard Vuduc},
title = {Parameterizing loop fusion for automated empirical tuning},
institution = {Center for Applied Scientific Computing, Lawrence
Livermore National Laboratory},
address = {Livermore, California, USA},
month = {December},
number = {UCRL-TR-217808},
year = {2005}
}

@techreport{POET:Report06,
  title = "{POET}: Parameterized Optimizations for Empirical Tuning", 
  author = "Qing Yi  and Keith Seymour  and Haihang You  and Richard Vuduc and Dan Quinlan", 
  number = "CS-TR-2006-006", 
  institution = "Computer Science, University of Texas at San Antonio",
  address = "San Antonio, Texas, USA",
  year = {2006}
} 

@InProceedings{POET:POHLL07,
  title = "{POET}: Parameterized Optimizations for Empirical Tuning", 
  author = "Qing Yi  and Keith Seymour  and Haihang You  and Richard Vuduc and Dan Quinlan", 
  BookTitle = {POHLL'07: Workshop on Performance Optimization for High-Level Languages and Libraries},
  month = "Mar",
  year = "2007"
}

@techreport{POET:gemm07,
  title = "Automated Transformation for Performance-Critical Kernels",
  author = "Qing Yi  and Clint Whaley",
  number = "CS-TR-2007-003", 
  institution = "Computer Science, University of Texas at San Antonio",
  address = "San Antonio, Texas, USA",
  year = {2007}
} 

@inProceedings{POET:LCSD07,
  title = "Automated Transformation for Performance-Critical Kernels",
  author = "Qing Yi  and Clint Whaley",
  BookTitle = {LCSD'07: ACM SIGPLAN Symposium on Library-Centric Software Design}, 
  address = {Montreal, Canada},
  month = Oct, 
  year = {2007}
} 

@inProceedings{POET:LCPC08,
  title = "Exploring the Optimization Space of Dense Linear Algebra Kernels",
  author = "Qing Yi  and Apan Qasem",
  BookTitle = {LCPC'08: The 21th International Workshop on Languages and Compilers for Parallel Computing},
  address = {Edmonton, Alberta, Canada},
  month = Aug, 
  year = {2008}
} 

@misc {POET:manual,
  title = "The {POET} Language Manual",
  author = "Qing Yi",
  year = 2008,
  note = "www.cs.utsa.edu/$\sim$qingyi/POET/poet-manual.pdf",
}

@techreport {POET:Report10,
  title = "POET: A Scripting Language For Applying Parameterized Source-to-source Program Transformations",
  author="Qing Yi",
  year = 2010,
  number = "CS-TR-2010-012", 
  institution = "Computer Science, University of Texas at San Antonio",
  address = "San Antonio, Texas, USA",
} 

@techreport{POET:iFSM09,
  title = "Automatic Generation of Implementations For Object-Oriented Abstractions",
  author = "Qing Yi and Jianwei Niu and Anitha R. Marneni and Jeyashree Lakshmipathy",
  number = "CS-TR-2009-003", 
  institution = "Computer Science, University of Texas at San Antonio",
  year = {2009}
} 

@techreport{POET:iFSM10,
  title = "Collective Specification and Verification of Behavioral Models and Object-oriented Implementations",
  author = "Qing Yi and Jianwei Niu and Anitha R. Marneni",
  number = "CS-TR-2010-011", 
  institution = "Computer Science, University of Texas at San Antonio",
  year = {2010}
} 
  
@inProceedings{POET:SMART10,
  title = "Automated Timer Generation for Empirical Tuning",
  author = "Josh Magee and Qing Yi and R. Clint Whaley",
  BookTitle = {SMART'10: The 4th Workshop on Statistical and Machine learning approaches to ARchitecture and compilaTion},
  address = {Pisa,Italy.},
  month = Jan,
  year = {2010}
}

@inProceedings{POET:NPC10,
  title = "Exposing Tunable Parameters in Multi-threaded Numerical Code",
  author = "Apan Qasem and Jichi Guo and Faizur Rahman and Qing Yi",
  BookTitle = {NPC'10: 7th IFIP International Conference on Network and Parallel Computing},
  address = {Zhengzhou, China},
  month = Sep,
  year = {2010}
}

@inProceedings{POET:ICSOFT11,
  title = "Collective Specification and Verification of Behavioral Models and Object-oriented Implementations",
  author = "Qing Yi and Jianwei Niu and Anitha R. Marneni",
  booktitle={ICSOFT'11: International Conference on Software and Data Technologies,)},
  address = {Seville, Spain},
  month = July,
  pages = {265--274},
  location - {Washington, DC, USA}, 
  year = {2011}
} 


@inProceedings{POET:iWapt10,
  title = "Improving Autotuning Efficiency and Portability Through Feedback Diagnostics",
  author = "Qing Yi and Santosh Sarangkar and Apan Qasem",
  BookTitle = {iWapt10: The Fifth International Workshop on 
Automatic Performance Tuning (position paper)},
  address = {Berkely, CA},
  month = "June",
  year = {2010}
}

@inProceedings{POET:HIPEAC11,
  title = "Automated Empirical Tuning of Scientific Codes For Performance and Power Consumption",
  author = "Shah Faizur Rahman and Jichi Guo and Qing Yi",
  BookTitle = {HIPEAC'11: High-Performance and Embedded Architectures and Compilers},
  address = {Heraklion, Greece},
  month = "Jan",
  year = {2011}
}

@inProceedings{POET:CGO11,
  title = "Automated Programmable Control and Parameterization of Compiler Optimizations",
  author = "Qing Yi",
  BookTitle = {CGO'11: ACM/IEEE International Symposium on Code Generation and Optimization},
  month=Apr,
  year = {2011}
} 

@techreport{POET:ROSE2POET10,
  title = "Automated Programmable Code Transformation For Portable Performance Tuning",
  author = "Qing Yi",
  number = "CS-TR-2010-002", 
  institution = "Computer Science, University of Texas at San Antonio",
  year = {2010}
} 
@techreport{POET:TAsearch10,
  title = {Evaluating the Role of Optimization-Specific Search Heuristics in Effective Autotuning},
  author = "Jichi Guo and Qing Yi and Apan Qasem",
  number = "CS-TR-2010-010", 
  institution = "Computer Science, University of Texas at San Antonio",
  year = {2010}
} 

@inProceedings{POET:iWapt11,
  title = "Extensive Parameterization And Tuning of Architecture-Sensitive Optimizations",
  author = "Qing Yi and Jichi Guo",
  booktitle = {iWapt'11: The Sixth International Workshop on Automatic Performance Tuning},
  month = June, 
  year = 2011
}

@inProceedings{POET:CF11,
  title = "Understanding Stencil Code Performance On MultiCore Architectures",
  author = "S. Faizur Rahman and Qing Yi and Apan Qasem",
  booktitle = "CF'11: ACM International Conference on Computing Frontiers",
  month = May, 
  year = 2011,
  address = "Ischia, Italy"
}

@Article{POET:SPE11,
    Author = {Qing Yi},
    Title = {{POET}: A Scripting Language For Applying Parameterized Source-to-source Program Transformations},
    journal = {Software:  Practice \& Experience},
    publisher  = "Wiley \& sons",
    Year = 2011
}

@inProceedings{POET:ICPP11,
  title = "Enhancing the Role of Inlining in Effective Interprocedural Parallelization",
  author = "Jichi Guo and Mike Stiles and Qing Yi and Kleanthis Psarris",
  booktitle = "ICPP'11: International Conference On Parallel Processing",
  month = Sep, 
  year = 2011,
  address="Taipei, Taiwan"
}

@article{ssa,
 author = {Cytron, Ron and Ferrante, Jeanne and Rosen, Barry K. and Wegman, Mark N. and Zadeck, F. Kenneth},
 title = {Efficiently Computing Static Single Assignment Form and the Control Dependence Graph},
 journal = {ACM Trans. Program. Lang. Syst.},
 issue_date = {Oct. 1991},
 volume = {13},
 number = {4},
 month = oct,
 year = {1991},
 issn = {0164-0925},
 pages = {451--490},
 numpages = {40},
 url = {http://doi.acm.org/10.1145/115372.115320},
 doi = {10.1145/115372.115320},
 acmid = {115320},
 publisher = {ACM},
 address = {New York, NY, USA},
 keywords = {control dependence, control flow graph, def-use chain, dominator, optimizing compilers},
} 
