% refs.bib
% 2011/11

%
% Inpreceding
%

@article{vitali:ipdps13,
  author={Vitali Morozov and Kalyan Kumaran and Venkatram Vishwanath and Jiayuan Meng and Michael E. Papka},
  booktitle={International Parallel and Distributed Processing Symposium (IPDPS), 2013},
  title={Early Experience on the Blue Gene/Q Supercomputing System},
  year={2013},
}

%
% Published
%

% EOF
